01ORD34145001F46027314AT02014092320140923AES5130587126261021005687          0COOP.V. UNION PROTECTORA EL PERELLO                                   CTRA. NAZARET-OLIVA KM 20,200                     46420EL PERELLO                                   VALENCIA                                ES                                                                                                                                                                                                                                                                                                                       
02SCT34145F46027314AT0                                                                                                                                                                                                                                                                                                                                                                                                                                                                                                                                                                                                  
03SCT34145002X5093423G                          A000011112222061234567890          000000410673           CHELBEA VIORICA                                                                                                                                                                                                   ESJUNIO-FINIQUITO                                                                                                                                                                                                                                                                           
03SCT34145002X5093423G                          A000011112222061234567890          000002179933           CHELBEA VIORICA                                                                                                                                                                                                   ESJUNIO-FINIQUITO                                                                                                                                                                                                                                                                           
04SCT00000000000259060000000020000000004                                                                                                                                                                                                                                                                                                                                                                                                                                                                                                                                                                                
99ORD00000000000259060000000020000000006                                                                                                                                                                                                                                                                                                                                                                                                                                                                                                                                                                                
